<?xml version="1.0" encoding="UTF-8"?><collection xmlns="http://www.loc.gov/MARC21/slim"><record><leader>00375nam--2200133-i-4500</leader><controlfield tag="001">000000056</controlfield><controlfield tag="002">20161230</controlfield><controlfield tag="005">20161230201023</controlfield><controlfield tag="008">060222s1000------------r-----000-0-eng-d</controlfield><datafield ind1=" " ind2=" " tag="080"><subfield code="a">666.1:542.2</subfield></datafield><datafield ind1=" " ind2=" " tag="100"><subfield code="a">Friedrichs, Joseph</subfield></datafield><datafield ind1=" " ind2=" " tag="245"><subfield code="a">Das glass im chemischen laboratorium. 3.verbesserte auflage</subfield></datafield><datafield ind1=" " ind2=" " tag="260"><subfield code="a">Berlin, Springer-verlag. Viii + 154 P. + 176 Fig</subfield></datafield><datafield ind1=" " ind2=" " tag="852"><subfield code="a">14490</subfield></datafield></record></collection>